@Book{hi,
  Title                    = {hola},
  Author                   = {d},
  Editor                   = {asd},
  Publisher                = {basd},
  Year                     = {asd},

  Owner                    = {k},
  Timestamp                = {2017.02.02}
}
